@comment{x-kbibtex-personnameformatting=<%f ><%l><, %s>}

@article{son,
	author = "D. Son and B. Krishnamachari and A. Helmy",
	journal = "IEEE Trans. Mobile Comput.",
	month = jul,
	number = "3",
	pages = "233--245",
	title = "{The effect mobility induced location errors on geographic routing in mobile ad hoc and sensor networks: Analysis and improvment using mobility prediction}",
	volume = "3",
	year = "2004"
}

@inproceedings{perkins_hughes,
	author = "D. D. Perkins and H. D. Hughes and C. B. Owen",
	booktitle = "{Proc. IEEE ICC}",
	location = "New York",
	month = "April",
	number = "",
	pages = "2048--2052",
	title = "{Factors affecting the performance of ad noc networks}",
	volume = "43",
	year = "2002"
}

@article{ruiz,
	author = "F. Silva and A. Loureiro and H. Assuncao and J. Nogueira and L. Ruiz and T. Braga",
	journal = "Communications Magazine, IEEE",
	month = "August",
	number = "8",
	pages = "92--102",
	title = "{On the design of a self-managed wireless sensor network}",
	volume = "43",
	year = "2005"
}

@article{qoS_static,
	author = "G. Ferrari and S. Panichpapiboon and O. K. Tonguz and J. S. Parikh and N. Wisitpongphan",
	journal = "IEEE Transactions on Vehicular Technology",
	month = "",
	number = "",
	pages = "",
	title = "{QoS Provisioning using BER-Based Routing in Ad Hoc Wireless Networks}",
	volume = "",
	year = "2005"
}

@inproceedings{tonguz18,
	author = "N. Wisitpongphan and O. K. Tonguz",
	booktitle = "{Proc. IEEE VTC-Fall}",
	location = "Orlando, FL",
	month = oct,
	number = "",
	pages = "2207--2211",
	title = "{Disjoint multi-path source routing in ad hoc metworks: Transport capacity}",
	volume = "",
	year = "2003"
}

@inproceedings{tuduce,
	author = "C. Tuduce and Th. Gross",
	booktitle = "{IEEE International Con- ference onComputer Communications (INFOCOM)}",
	location = "Maimi, FL",
	month = mar,
	number = "",
	pages = "664--674",
	title = "{A mobility model based on WLAN traces and its validation}",
	volume = "24",
	year = "2005"
}

@article{qoS_mobility,
	author = "O. K. Tonguz and R. Chokshi and G. Ferrari and N. Wisitpongphan and S. Panichpapiboon",
	journal = "IEEE Transactions on Vehicular Technology",
	month = "January",
	number = "1",
	pages = "271--285",
	title = "{Impact of mobility on the BER performance of multihop ad hoc wireless networks}",
	volume = "56",
	year = "2007"
}

@book{tonferBOOK,
	address = "Hoboken, NJ",
	author = "O. K. Tonguz and G. Ferrari",
	publisher = "Wiley",
	title = "{Ad Hoc Wireless Networks: A Communication-Theoretic Perspective}",
	year = "2006"
}

@inbook{chicago,
	edition = "Thirteenth",
	key = "Chicago",
	pages = "400--401",
	publisher = "University of Chicago Press",
	title = "{The Chicago Manual of Style}",
	year = 1982
}

@misc{libelium,
	author = "Libelium Comunicaciones Distribuidas S.L.",
	howpublished = "http://www.libelium.com",
	title = "{Libelium - Wireless Sensor Networks}",
	url = "http://www.libelium.com/802.15.4_vs_zigbee",
	year = 2010
}

@book{perkinsBook,
	address = "Upper Saddle River, NJ",
	author = "C. E. Perkins",
	publisher = "Addison Wesley",
	title = "{Ad Hoc Networking}",
	year = "2001"
}

@book{toh,
	address = "Upper Saddle River, NJ",
	author = "C.-K. Toh",
	publisher = "Prentice-Hall",
	title = "{Ad Hoc Mobile Wireless Networks}",
	year = "2002"
}

@article{dsdv_mobPc,
	author = "C. E. Perkins and P. Bhagwat",
	journal = "Comput. Commun. Rev.",
	month = oct,
	number = "4",
	pages = "234--244",
	title = "{Highly dynamic destination-sequenced distance-vector routing (DSDV) for mobile computers}",
	volume = "24",
	year = "1994"
}

@inproceedings{park,
	author = "S. Park and B. van Voorst",
	booktitle = "{Proc. IEEE Global Telecommun. Conf. (GLOBECOM)}",
	location = "San Antonio, TX",
	month = nov,
	pages = "2809--2813",
	title = "{Anticipated route maintenance (ARM) in location-aided mobile ad hoc networks}",
	year = "2001"
}

@inproceedings{su,
	author = "W. Su and S.-J. Lee and M. Gerla",
	booktitle = "{Proc. IEEE MILCOM}",
	location = "Los Angeles, CA",
	month = oct,
	pages = "491--495",
	title = "{Mobility prediction in wireless networks}",
	year = "2000"
}

@inproceedings{lim,
	author = "G. Lim and K. Shin and S. Lee and H. Yoon and J. S. Ma",
	booktitle = "{Proc. ICPPW}",
	location = "Vancouver, BC, Canada",
	month = aug,
	pages = "116--123",
	title = "{Link stability and route lifetime in ad hoc wireless networks}",
	year = "2002"
}

@article{gupta,
	author = "P. Gupta and P. R. Kumar",
	journal = "IEEE Trans. Inf. Theory",
	month = mar,
	number = "2",
	pages = "388--404",
	title = "{The capacity of wireless networks}",
	volume = "46",
	year = "2000"
}

@article{rao,
	author = "R. Rao and G. Kesidis",
	journal = "IEEE Trans. Mobile Comput.",
	month = "jul. - sep.",
	number = "3",
	pages = "225--232",
	title = "{Purposeful mobility for relaying and surveillance in mobile ad hoc sensor networks}",
	volume = "3",
	year = "2004"
}

@article{grossglauser,
	author = "M. Grossglauser and D. Tse",
	journal = "IEEE/ACM Trans. Netw.",
	month = aug,
	number = "4",
	pages = "477--486",
	title = "{Mobility increases the capacity of ad hoc wireless networks}",
	volume = "10",
	year = "2002"
}

@manual{802_11b,
	author = "IEEE {Institute of Electrical and Electronics Engineers}",
	title = "{Std. 802.11b - 1999/Cor 1-2001. Part 11: Wireless LAN Medium Access Control (MAC) and Physical Layer (PHY) Specifications}",
	year = "2001"
}

@article{neely1,
	author = "M. J. Neely and E. Modiano",
	journal = "IEEE Trans. Inf. Theory",
	month = "jun",
	number = "6",
	pages = "1917 --1937",
	title = "{Capacity and delay tradeoffs for ad hoc mobile networks}",
	volume = "51",
	year = "2005"
}

@inproceedings{toumpis,
	author = "S. Toumpis and A. J. Goldsmith",
	booktitle = "{Proc. IEEE Conf. Comput. Commun.}",
	pages = "609--619",
	title = "{Large wireless networks under fading, mobility and delay consrains}",
	year = "2004"
}

@inproceedings{ferrari16,
	author = "G. Ferrari and O. K. Tonguz",
	booktitle = "{Proc. IEEE Military Commun. Conf.}",
	location = "Boston, MA",
	month = oct,
	pages = "1311--1318",
	title = "{MAC protocols and transport capcity in ad hoc wireless networks: Aloha versus PR-CSMA}",
	volume = "2",
	year = "2003"
}

@inproceedings{ferrari17,
	author = "G. Ferrari and O. K. Tonguz",
	booktitle = "{Proc. IEEE Global Telecommun. Conf. (GLOBECOM)}",
	location = "San Francisco, CA",
	month = dec,
	pages = "2824--2829",
	title = "{Performance of circuit-switched ad hoc wireless networks with Aloha and PR-CSMA MAC protocols}",
	year = "2003"
}

@article{aloha,
	author = "N. Abramson",
	journal = "IEEE Trans. Commun.",
	month = jan,
	pages = "117--128",
	title = "{The throughtput of packet broadcasting channels}",
	volume = "25",
	year = "1977"
}

@misc{rfc2501,
	author = "S. Corson and J. Macker",
	howpublished = "http://tools.ietf.org/html/rfc2501",
	month = jan,
	title = "{Mobile Ad hoc Networking (MANET): Routing Protocol Performance Issues and Evaluation Considerations}",
	url = "http://tools.ietf.org/html/rfc2501",
	year = "1999"
}

@inproceedings{navid,
	author = "W. Navidi and T. Camp",
	booktitle = "{IEEE Transactions on Mobile Computing}",
	number = "1",
	pages = "99--108",
	title = "{Stationary distributions for the ran- dom waypoint mobility model}",
	volume = "3",
	year = "2004"
}

@inproceedings{camp,
	author = "T. Camp and V. Davies and J. Boleng",
	booktitle = "{Wireless Communications \& Mobile Computing (WCMC): Special issue on Mobile Ad Hoc Networking: Research, Trends and Applications}",
	number = "5",
	pages = "483--502",
	title = "{A survey of mobility models for ad hoc network research.}",
	volume = "2",
	year = "2002"
}

@inproceedings{bett,
	author = "Ch. Bettstetter and G. Resta and P. Santi",
	booktitle = "{IEEE Transactions on Mobile Computing}",
	number = "3",
	pages = "257--269",
	title = "{The node distribu- tion of the random waypoint mobility model for wireless ad hoc networks.}",
	volume = "2",
	year = "2003"
}

@article{vojnovic,
	author = "J.-Y. L. Boudec and Vojnovic",
	journal = "IEEE INFOCOM",
	title = "{Perfect simulation and stationarity of a class of mobility models}",
	year = "2005"
}

@article{jabra,
	author = "A. Jardosh and E. M. Belding-Royer and K. C. Almeroth and S. Suri",
	journal = "Journal on Special Areas in Communications - Special Issue on Wireless Ad hoc Networks",
	month = jan,
	number = "14",
	title = "{Real world environment models for mobile ad hoc networks}",
	volume = "2",
	year = "2005"
}

@inproceedings{jabras,
	author = "A. Jardosh and E. M. Belding-Royer and K. C. Almeroth and S. Suri",
	booktitle = "{In MobiCom {\rq}03: Proceedings of the 9th annual international conference on Mobile computing and networking}",
	pages = "217--229",
	publisher = "ACM Press",
	title = "{Towards realistic mobility models for mobile ad hoc networks}",
	year = "2003"
}

@article{aur,
	author = "Franz Aurenhammer",
	journal = "ACM Comput. Surv.",
	number = "3",
	pages = "345--405",
	title = "{Voronoi diagrams: a survey of a fundamental geometric data structure}",
	volume = "23",
	year = "1991"
}

@article{hong,
	author = "Xiaoyan Hong and Kaixin Xu and Mario Gerla",
	journal = "International Journal on Computer Science and Engineering (IJCSE)",
	title = "{Scalable routing protocols for mobile ad hoc networks.}",
	year = "2002"
}

@article{olsr_ber,
	author = "T. Yelemou and P. Meseure and A.-M. Poussard",
	doi = "10.1109/WOCN.2011.5872946",
	journal = "8th International Conference on Wireless and Optical Communications Networks (WOCN)",
	pages = "1--5",
	title = "{A new BER-based approach to improve OLSR protocol}",
	year = "2011"
}

@book{rappaport,
	address = "Upper Saddle River, NJ, USA",
	author = "T.S. Pappaport",
	edition = "2nd",
	publisher = "Prentice-Hall",
	title = "{Wireless Communications. Principles \& Practice}",
	year = "2002"
}

@misc{lza,
	author = "Lielā terminu vārdnīca {- Datortermini}",
	howpublished = "http://www.termini.lv/",
	title = "{Latvijas Zinātņu akadēmijas Terminoloģijas komisijas Informācijas tehnoloģijas telekomunikācijas un elektronikas apak\v{s}komisija}",
	url = "http://www.termini.lv",
	year = "2002"
}

@inproceedings{ini,
	author = "G. Ferrari and O. K. Tonguz",
	booktitle = "{Proc. IEEE International Conf. on Commun. (ICC)}",
	location = "Paris, France",
	month = jun,
	pages = "4357--4361",
	publisher = "Paris, France",
	title = "{Circuit-switched sensor networks: A combinatorial analysis for randomized transmission}",
	volume = "7",
	year = "2004"
}

@inproceedings{22,
	author = "G. Ferrari and O.K. Tonguz and B. Baruffini",
	booktitle = "{Proc. Inter. Symp. Information Theory and Its Applications (ISITA '04)}",
	month = oct,
	pages = "451--456",
	title = "{Spectral Efficiency-Connectivity Tradeoff in Ad Hoc Wireless Networks}",
	year = "2004"
}

@book{cormen,
	author = "T. H. Cormen and C. E. Leiserson and R. L. Rivest and C. Stein",
	edition = "2nd",
	publisher = "MIT Press",
	title = "{Introduction to Algorithms}",
	year = "2002"
}

@article{route_res,
	author = "S. Panichpapiboon and G. Ferrari and N. Wisitpongphan and O. K. Tonguz",
	journal = "IEEE TRANSACTIONS ON MOBILE COMPUTING",
	month = jan,
	number = "1",
	pages = "56--71",
	title = "{Route Reservation in Ad Hoc Wireless Networks}",
	volume = "6",
	year = "2007"
}

@misc{ict,
	author = "International Telecommunication Union",
	howpublished = "http://www.itu.int",
	month = oct,
	organization = "International Telecommunication Union",
	title = "{ICT Facts Figure, 2011}",
	url = "http://www.itu.int/ITU-D/ict/facts/2011/material/ICTFactsFigures2011.pdf",
	year = "2011"
}

@article{self_manag,
	author = "L. Ruiz and R. Braga and F. Silva and H.Assuncao and J. Nogueira and A. Loureiro",
	journal = "IEEE Communication Magazine",
	month = "July",
	number = "5",
	pages = "95--101",
	title = "{On the Design of a Self-Managed Wireless Sensor Network}",
	volume = "",
	year = "2005"
}

@inproceedings{Proc13,
	author = "J. Polastve and R. Szewczyk and C. Sharp and D. Cullar",
	booktitle = "{In Proceedings of Symposium on High Performance Chips}",
	title = "{The Mote Revolution: Low Power Wireless Sensor Network Devices}",
	year = "2004"
}

@article{NSsurvey,
	author = "I. F. Akyildiz and W. Su and Y. Sankarasubramaniam and E. Cayirci",
	journal = "IEEE Communications Magazine",
	pages = "102--114",
	title = "{A Survey on Sensor Networks}",
	volume = "40",
	year = "2002"
}

@article{20,
	author = "F. Ye and G. Zhong and S. Lu and L. Zhang",
	journal = "ACM Wireless Networks",
	pages = "258--298",
	title = "{Gradient Broadcast: A Robust Data Delivery Protocol for Large Scale Sensor or Networks}",
	volume = "11",
	year = "2003"
}

@misc{rfc3561,
	author = "C. Perkins and E. Belding-Royer and S. Das",
	howpublished = "http://tools.ietf.org/html/rfc3561",
	month = jul,
	title = "{Ad hoc On-Demand Distance Vector (AODV) Routing}",
	url = "http://tools.ietf.org/html/rfc3561",
	year = "2003"
}

@misc{rfc3626,
	author = "T. Clausen and P. Jacquet",
	howpublished = "http://tools.ietf.org/html/rfc3626",
	month = oct,
	title = "{Optimized Link State Routing Protocol (OLSR)}",
	url = "http://tools.ietf.org/html/rfc3626",
	year = "2003"
}

@misc{cisco,
	author = "CISCO",
	howpublished = "http://www.cisco.com",
	month = oct,
	title = "{Channels, Power Levels, and Antenna Gains: Appendix B - Channels, Power Levels, and Antenna Gains}",
	year = "2010"
}

@article{manu,
	author = "A. Munaretto and H. Badis and K. A. Agha and G. Pujolle",
	journal = "ACtes de AlgoTel 2003",
	month = "may",
	title = "{QOLSR: Routega aves dans OLSR}",
	year = "2003"
}

@inproceedings{ge,
	author = "Y. Ge and T. Knuz and L. Lamont",
	booktitle = "{Proceedings of the 36th Hawaii International Conference on System Sciences (HICSS'03)}",
	title = "{Quality of service in ad-hoc networks using OLSR}",
	year = "2003"
}

@misc{ns2,
	author = "VINT and SAMAN and CONSER
",
	howpublished = "http://www.isi.edu/nsnam/ns/",
	title = "{Network Simulator - NS-2}"
}

@misc{dingio,
	author = "Dignio AS",
	howpublished = "http://www.dignio.com/platform",
	title = "{The Dignio Health Platform}"
}

@inproceedings{BonnMotion,
	author = "N. Aschenbruck and R. Ernst and E. Gerhards-Padilla and M. Schwamborn",
	booktitle = "{Proc. of the 3rd International ICTS Conference on Simulation Tools and Techniques (SIMUTools)}",
	location = "Torremolinos, Malaga, Spain",
	title = "{BonnMotion - A Mobility Scenario Generation and Analysis Tool}",
	year = "2010"
}

@misc{qualnet,
	author = "Inc. {SCALABLE Network Technologies}",
	howpublished = "http://www.scalable-networks.com",
	title = "{QualNet software}"
}

@misc{zig_ierice,
	author = "Fractus S.A.",
	howpublished = "http://www.fractus.com",
	title = "{Fractus EZConnect™ Zigbee Antenna}"
}

